@article{guu2020realm,
  title={REALM: Retrieval-Augmented Language Model Pre-Training},
  author={Guu, Kelvin and Lee, Kenton and Tung, Zora and Pasupat, Panupong and Chang, Ming-Wei},
  journal={arXiv preprint arXiv:2002.08909},
  year={2020}
}

@article{karpukhin2020dense,
  title={Dense Passage Retrieval for Open-Domain Question Answering},
  author={Karpukhin, Vladimir and Oguz, Barlas and Min, Sewon and Lewis, Patrick and Wu, Ledell and Edunov, Sergey and Chen, Danqi and Yih, Wen-tau},
  journal={arXiv preprint arXiv:2004.04906},
  year={2020}
}

@inproceedings{khattab2020colbert,
  title={ColBERT: Efficient and effective passage search via contextualized late interaction over BERT},
  author={Khattab, Omar and Zaharia, Matei},
  booktitle={Proceedings of the 43rd International ACM SIGIR Conference on Research and Development in Information Retrieval},
  pages={39--48},
  year={2020},
  organization={ACM}
}

@article{khattab2021relevance,
  title={Relevance-guided Supervision for Open-Domain Question Answering},
  author={Khattab, Omar and Potts, Christopher and Zaharia, Matei},
  journal={arXiv preprint arXiv:2007.00814},
  year={2021}
}

@article{borgeaud2022improving,
  title={Improving Language Models by Retrieving from Trillions of Tokens},
  author={Borgeaud, Sebastian and Mensch, Arthur and Hoffmann, Jordan and Cai, Trevor and Rutherford, Eliza and Millican, Katie and van den Driessche, George and Lespiau, Jean-Baptiste and Damoc, Bogdan and Clark, Aidan and others},
  journal={arXiv preprint arXiv:2112.04426},
  year={2022}
}

@article{izacard2022unsupervised,
  title={Unsupervised Dense Information Retrieval with Contrastive Learning},
  author={Izacard, Gautier and Caron, Mathilde and Hosseini, Lucas and Riedel, Sebastian and Bojanowski, Piotr and Joulin, Armand and Grave, Edouard},
  journal={arXiv preprint arXiv:2112.09118},
  year={2022}
}